@article{bennett_edward_1998,
  title = {Edward {{III}}'s {{Entail}} and the {{Succession}} to the {{Crown}}, 1376-1471},
  author = {Bennett, M.},
  year = {1998},
  month = jun,
  journal = {The English Historical Review},
  volume = {CXIII},
  number = {452},
  pages = {580--609},
  issn = {0013-8266, 1477-4534},
  doi = {10.1093/ehr/CXIII.452.580},
  langid = {english}
}

@book{carpenter_wars_1997,
  title = {The {{Wars}} of the {{Roses}}: Politics and the Constitution in {{England}}, c. 1437-1509},
  shorttitle = {The {{Wars}} of the {{Roses}}},
  author = {Carpenter, Christine},
  year = {1997},
  series = {Cambridge Medieval Textbooks},
  publisher = {{Cambridge University Press}},
  address = {{Cambridge ; New York, NY, USA}},
  isbn = {978-0-521-26800-4 978-0-521-31874-7},
  lccn = {JN137 .C37 1997},
  keywords = {1399-1485,1485-1509,Constitutional history; Medieval,Great Britain,History,Politics and government,Wars of the Roses; 1455-1485}
}

@book{chrimes_henry_1999,
  title = {Henry {{VII}}},
  author = {Chrimes, S. B.},
  year = {1999},
  series = {Yale {{English}} Monarchs},
  publisher = {{Yale University Press}},
  address = {{New Haven}},
  isbn = {978-0-300-07883-1},
  lccn = {DA330 .C48 1999},
  keywords = {Biography,Great Britain,Henry,Henry VII; 1485-1509,History,Kings and rulers}
}
